@online{cnnStanford,
  author = {Stanford},
  title = {Convolutional Neural Networks (CNNs / ConvNets)},
  url = {https://cs231n.github.io/convolutional-networks/},
  urldate = {2021-02-08}
}

@online{cross_entropy,
    author    = "James D. McCaffrey",
    title     = "Why You Should Use Cross-Entropy Error Instead Of Classification Error Or Mean Squared Error For Neural Network Classifier Training",
    url       = "https://jamesmccaffrey.wordpress.com/2013/11/05/why-you-should-use-cross-entropy-error-instead-of-classification-error-or-mean-squared-error-for-neural-network-classifier-training/",
    date = {2013-11-05},
    urldate = {2021-02-11}
}

@online{tfPerformance,
    author    = "TensorFlow",
    title     = "Better performance with the tf.data API",
    url       = "https://www.tensorflow.org/guide/data_performance",
    urldate = {2021-02-11}
}

@online{distr_training_tutorial,
    author    = "TensorFlow",
    title     = "Distributed training with Keras",
    url       = "https://www.tensorflow.org/tutorials/distribute/keras",
    urldate = {2021-02-11}
}

@online{distr_training_guide,
    author    = "TensorFlow",
    title     = "Distributed training with TensorFlow",
    url       = "https://www.tensorflow.org/guide/distributed_training",
    urldate = {2021-02-11}
}

@online{distr_training_blog,
    author    = "TensorFlow",
    title     = "Getting Started with Distributed TensorFlow on GCP",
    url       = "https://blog.tensorflow.org/2020/12/getting-started-with-distributed-tensorflow-on-gcp.html",
    date = {2020-12-07},
    urldate = {2021-02-11}
}

@online{dataset,
    author    = "Fatih BaltacÄ±",
    title     = "Turkish Lira Banknote Dataset",
    url       = "https://www.kaggle.com/baltacifatih/turkish-lira-banknote-dataset",
    date = {2020-04-19},
    urldate = {2021-02-12}
}

@online{assignment,
    author    = "Dario Malchiodi",
    title     = "AMD-2019-20-projects",
    url       = "https://docs.google.com/document/d/16sEIlAI882WaL5TZOXwlqp6w5BBSeYfvltTtEbEOn1M/edit",
    urldate = {2021-02-12}
}

